@article{gayo12,
  title = {No, you cannot predict elections with Twitter},
  author = {D. Gayo-Avello},
  year = {2012},
  journal = {IEEE Internet Computing},
  volume = {16},
  number = {6},
  pages = {91--94},
}

@article{lampos+10,
  title = {Tracking the flu pandemic by monitoring the social web},
  author = {V. Lampos \& D. Christianini},
  year = {2010},
  journal = {Cognitive Information Processing},
  pages = {411--416},
}

@inproceedings{mislove+11,
author = {A. Mislove and S. Lehmann and Y. Ahn and J. Onnela and J. {Niels Rosenquist}},
title = {Understanding the Demographics of Twitter Users},
booktitle = {ICWSM'11},
year = {2011}, 
}